@Misc{Apache_Spark,
  title =	 {Apache Spark},
  author =	 {Databricks},
  year =	 2017,
  howpublished = {\url{https://spark.apache.org}}
}

@Misc{GitHub_repo,
  title =	 {Google public datasets on BigQuery: Github},
  author =	 {Github},
  year =	 2017,
  howpublished = {\url{bigquery-public-data:github_repos}}
}

@Misc{Apache_Flink,
  title =	 {Apache Flink},
  author =	 {Apache Software Foundation},
  year =	 2017,
  howpublished = {\url{https://flink.apache.org}}
}

@Misc{Cassandra,
  title =	 {Apache Cassandra},
  author =	 {Apache Software Foundation},
  year =	 2017,
  howpublished = {\url{http://cassandra.apache.org}}
}

@Misc{Hive,
  title =	 {Apache Hive},
  author =	 {Apache Software Foundation},
  year =	 2017,
  howpublished = {\url{https://hive.apache.org}}
}

@Misc{CQL,
  title =	 {CQL},
  author =	 {Datastax},
  year =	 2017,
  howpublished = {\url{https://docs.datastax.com/en/cql/3.3/cql/cql_using/useQueryDataTOC.html}}
}

@inproceedings{BodikPLDI,
  author    = {Chenglong Wang and
               Alvin Cheung and
               Rastislav Bod{\'{\i}}k},
  title     = {Synthesizing highly expressive {SQL} queries from input-output examples},
  booktitle = {Proceedings of the 38th {ACM} {SIGPLAN} Conference on Programming
               Language Design and Implementation, {PLDI} 2017, Barcelona, Spain,
               June 18-23, 2017},
  pages     = {452--466},
  year      = {2017},
  crossref  = {DBLP:conf/pldi/2017},
  url       = {http://doi.acm.org/10.1145/3062341.3062365},
  doi       = {10.1145/3062341.3062365},
  timestamp = {Mon, 19 Jun 2017 08:37:26 +0200},
  biburl    = {http://dblp.uni-trier.de/rec/bib/conf/pldi/WangCB17},
  bibsource = {dblp computer science bibliography, http://dblp.org}
}

@inproceedings{BodikSIGMOD,
  author    = {Chenglong Wang and
               Alvin Cheung and
               Rastislav Bod{\'{\i}}k},
  title     = {Interactive Query Synthesis from Input-Output Examples},
  booktitle = {Proceedings of the 2017 {ACM} International Conference on Management
               of Data, {SIGMOD} Conference 2017, Chicago, IL, USA, May 14-19, 2017},
  pages     = {1631--1634},
  year      = {2017},
  crossref  = {DBLP:conf/sigmod/2017},
  url       = {http://doi.acm.org/10.1145/3035918.3058738},
  doi       = {10.1145/3035918.3058738},
  timestamp = {Wed, 10 May 2017 22:12:12 +0200},
  biburl    = {http://dblp.uni-trier.de/rec/bib/conf/sigmod/WangCB17},
  bibsource = {dblp computer science bibliography, http://dblp.org}
}

@ARTICLE{Seq2SQL,
   author = {{Zhong}, V. and {Xiong}, C. and {Socher}, R.},
    title = "{Seq2SQL: Generating Structured Queries from Natural Language using Reinforcement Learning}",
  journal = {ArXiv e-prints},
archivePrefix = "arXiv",
   eprint = {1709.00103},
 primaryClass = "cs.CL",
 keywords = {Computer Science - Computation and Language, Computer Science - Artificial Intelligence},
     year = 2017,
    month = aug,
   adsurl = {http://adsabs.harvard.edu/abs/2017arXiv170900103Z},
  adsnote = {Provided by the SAO/NASA Astrophysics Data System}
}

@ARTICLE{Androutsopoulos,
    author = {L. Androutsopoulos},
    title = {Natural Language Interfaces to Databases - An Introduction},
    journal = {Journal of Natural Language Engineering},
    year = {1995},
    volume = {1},
    pages = {29--81}
}

@article{Fei-Li,
 author = {Li, Fei and Jagadish, H. V.},
 title = {Constructing an Interactive Natural Language Interface for Relational Databases},
 journal = {Proc. VLDB Endow.},
 issue_date = {September 2014},
 volume = {8},
 number = {1},
 month = sep,
 year = {2014},
 issn = {2150-8097},
 pages = {73--84},
 numpages = {12},
 url = {http://dx.doi.org/10.14778/2735461.2735468},
 doi = {10.14778/2735461.2735468},
 acmid = {2735468},
 publisher = {VLDB Endowment},
} 

@article{Bergamaschi,
 author = {Bergamaschi, Sonia and Guerra, Francesco and Interlandi, Matteo and Trillo-Lado, Raquel and Velegrakis, Yannis},
 title = {QUEST: A Keyword Search System for Relational Data Based on Semantic and Machine Learning Techniques},
 journal = {Proc. VLDB Endow.},
 issue_date = {August 2013},
 volume = {6},
 number = {12},
 month = aug,
 year = {2013},
 issn = {2150-8097},
 pages = {1222--1225},
 numpages = {4},
 url = {http://dx.doi.org/10.14778/2536274.2536281},
 doi = {10.14778/2536274.2536281},
 acmid = {2536281},
 publisher = {VLDB Endowment},
} 

@inproceedings{Zloof,
 author = {Zloof, Mosh{\'e} M.},
 title = {Query-by-example: The Invocation and Definition of Tables and Forms},
 booktitle = {Proceedings of the 1st International Conference on Very Large Data Bases},
 series = {VLDB '75},
 year = {1975},
 isbn = {978-1-4503-3920-9},
 location = {Framingham, Massachusetts},
 pages = {1--24},
 numpages = {24},
 url = {http://doi.acm.org/10.1145/1282480.1282482},
 doi = {10.1145/1282480.1282482},
 acmid = {1282482},
 publisher = {ACM},
 address = {New York, NY, USA},
} 

@inproceedings{Zhang,
 author = {Zhang, Sai and Sun, Yuyin},
 title = {Automatically Synthesizing SQL Queries from Input-output Examples},
 booktitle = {Proceedings of the 28th IEEE/ACM International Conference on Automated Software Engineering},
 series = {ASE'13},
 year = {2013},
 isbn = {978-1-4799-0215-6},
 location = {Silicon Valley, CA, USA},
 pages = {224--234},
 numpages = {11},
 url = {https://doi.org/10.1109/ASE.2013.6693082},
 doi = {10.1109/ASE.2013.6693082},
 acmid = {3107687},
 publisher = {IEEE Press},
 address = {Piscataway, NJ, USA},
} 
